

@standard{gbt7714-2005,
  title={{GB/T} 7714-2005, 文后参考文献著录规则},
  year={2005},
  address={北京},
  publisher={中国标准出版社}
}

@inproceedings{transt,
  title={Transformer tracking},
  author={Chen, Xin and Yan, Bin and Zhu, Jiawen and Wang, Dong and Yang, Xiaoyun and Lu, Huchuan},
  booktitle={Proceedings of the IEEE/CVF conference on computer vision and pattern recognition},
  pages={8126--8135},
  year={2021}
}
